<?xml version="1.0" encoding="UTF-8"?>
<record>
  <leader>01768naa a2200433 c 4500</leader>
  <controlfield tag="003">DE-605</controlfield>
  <controlfield tag="005">20230803142617.0</controlfield>
  <controlfield tag="007">cr#|||||||||||</controlfield>
  <controlfield tag="008">230126s2022    gw      o     ||| | ger c</controlfield>
  <controlfield tag="001">99371883990606441</controlfield>
  <datafield tag="035" ind1=" " ind2=" ">
    <subfield code="a">(DE-605)HT021705150</subfield>
  </datafield>
  <datafield tag="040" ind1=" " ind2=" ">
    <subfield code="a">HBZ/ALMA-NZ</subfield>
    <subfield code="b">ger</subfield>
    <subfield code="c">DE-6</subfield>
    <subfield code="d">DE-605</subfield>
    <subfield code="e">rda</subfield>
  </datafield>
  <datafield tag="041" ind1=" " ind2=" ">
    <subfield code="a">ger</subfield>
  </datafield>
  <datafield tag="044" ind1=" " ind2=" ">
    <subfield code="c">XA-DE</subfield>
  </datafield>
  <datafield tag="084" ind1=" " ind2=" ">
    <subfield code="a">Detmold</subfield>
    <subfield code="0">https://nwbib.de/spatial#Q3922</subfield>
    <subfield code="2">nwbib</subfield>
  </datafield>
  <datafield tag="084" ind1=" " ind2=" ">
    <subfield code="a">Regionalliteratur</subfield>
    <subfield code="0">https://nwbib.de/subjects#N761020</subfield>
    <subfield code="2">nwbib</subfield>
  </datafield>
  <datafield tag="084" ind1=" " ind2=" ">
    <subfield code="a">Stoff-, Motiv- und Themenforschung</subfield>
    <subfield code="0">https://nwbib.de/subjects#N761050</subfield>
    <subfield code="2">nwbib</subfield>
  </datafield>
  <datafield tag="084" ind1=" " ind2=" ">
    <subfield code="a">Westfalen</subfield>
    <subfield code="0">https://nwbib.de/spatial#N04</subfield>
    <subfield code="2">nwbib</subfield>
  </datafield>
  <datafield tag="084" ind1=" " ind2=" ">
    <subfield code="a">Senne</subfield>
    <subfield code="0">https://nwbib.de/spatial#Q767106</subfield>
    <subfield code="2">nwbib</subfield>
  </datafield>
  <datafield tag="100" ind1="1" ind2=" ">
    <subfield code="a">Grabbe, Katharina</subfield>
    <subfield code="d">1978-</subfield>
    <subfield code="0">(DE-588)129748552</subfield>
    <subfield code="4">aut</subfield>
  </datafield>
  <datafield tag="245" ind1="1" ind2="0">
    <subfield code="a">&lt;&lt;Das&gt;&gt; gar nicht malerische und romantische Westfalen in Georg Weerths "Die Armen in der Senne"</subfield>
    <subfield code="c">Katharina Grabbe (Münster)</subfield>
  </datafield>
  <datafield tag="264" ind1=" " ind2="1">
    <subfield code="c">2022</subfield>
  </datafield>
  <datafield tag="336" ind1=" " ind2=" ">
    <subfield code="b">txt</subfield>
  </datafield>
  <datafield tag="337" ind1=" " ind2=" ">
    <subfield code="b">c</subfield>
  </datafield>
  <datafield tag="338" ind1=" " ind2=" ">
    <subfield code="b">cr</subfield>
  </datafield>
  <datafield tag="689" ind1="0" ind2="0">
    <subfield code="a">Weerth, Georg</subfield>
    <subfield code="d">1822-1856</subfield>
    <subfield code="t">&lt;&lt;Die&gt;&gt; Armen in der Senne</subfield>
    <subfield code="D">p</subfield>
    <subfield code="0">(DE-588)1279219394</subfield>
  </datafield>
  <datafield tag="689" ind1="0" ind2="1">
    <subfield code="a">Westfalen</subfield>
    <subfield code="g">Motiv</subfield>
    <subfield code="D">s</subfield>
    <subfield code="0">(DE-588)4133960-5</subfield>
  </datafield>
  <datafield tag="689" ind1="0" ind2="2">
    <subfield code="a">Verelendung</subfield>
    <subfield code="g">Motiv</subfield>
    <subfield code="D">s</subfield>
    <subfield code="0">(DE-588)4373771-7</subfield>
  </datafield>
  <datafield tag="689" ind1="1" ind2="0">
    <subfield code="a">Senne</subfield>
    <subfield code="g">Landschaft</subfield>
    <subfield code="D">g</subfield>
    <subfield code="0">(DE-588)4054550-7</subfield>
  </datafield>
  <datafield tag="689" ind1="1" ind2="1">
    <subfield code="a">Literarisierung</subfield>
    <subfield code="D">s</subfield>
    <subfield code="0">(DE-588)4364715-7</subfield>
  </datafield>
  <datafield tag="035" ind1=" " ind2=" ">
    <subfield code="a">(DE-599)HBZHT021705150</subfield>
  </datafield>
  <datafield tag="960" ind1="1" ind2=" ">
    <subfield code="n">NWBib-6</subfield>
  </datafield>
  <datafield tag="964" ind1="0" ind2="s">
    <subfield code="F">051</subfield>
    <subfield code="A">a|||||||</subfield>
  </datafield>
  <datafield tag="964" ind1="0" ind2="i">
    <subfield code="I">marc-FMT via MAB2MARC</subfield>
    <subfield code="F">FMT</subfield>
    <subfield code="A">BK</subfield>
  </datafield>
  <datafield tag="964" ind1="0" ind2="s">
    <subfield code="F">030</subfield>
    <subfield code="A">a|zur||||||17</subfield>
  </datafield>
  <datafield tag="964" ind1="0" ind2="s">
    <subfield code="F">050</subfield>
    <subfield code="A">||||||||g|||||</subfield>
  </datafield>
  <datafield tag="856" ind1="4" ind2="0">
    <subfield code="u">https://nbn-resolving.org/urn:nbn:de:hbz:51:1-18482</subfield>
    <subfield code="x">Resolving-System</subfield>
  </datafield>
  <datafield tag="856" ind1="4" ind2="0">
    <subfield code="u">http://www.bibliothek.uni-regensburg.de/ezeit/?3016659</subfield>
    <subfield code="x">EZB</subfield>
  </datafield>
  <datafield tag="773" ind1="0" ind2="8">
    <subfield code="i">Enthalten in</subfield>
    <subfield code="t">Grabbe-Jahrbuch</subfield>
    <subfield code="d">Bielefeld, 2022</subfield>
    <subfield code="g">41. Jahrgang (2022), Seite [17]-31</subfield>
    <subfield code="w">(DE-600)3016659-7</subfield>
  </datafield>
  <datafield tag="MBD" ind1=" " ind2=" ">
    <subfield code="M">49HBZ_NETWORK</subfield>
    <subfield code="i">99371883990606441</subfield>
    <subfield code="n">HBZ Network</subfield>
  </datafield>
  <datafield tag="MNG" ind1=" " ind2=" ">
    <subfield code="c">System</subfield>
    <subfield code="f">HBZ</subfield>
    <subfield code="i">marc21</subfield>
    <subfield code="h">20230126115400.0</subfield>
    <subfield code="k">01</subfield>
    <subfield code="e">false</subfield>
    <subfield code="d">2023-08-03 14:26:17 Europe/Berlin</subfield>
    <subfield code="g">99371883990606441</subfield>
    <subfield code="j">60</subfield>
    <subfield code="a">ostermam######49HBZ_ULM</subfield>
    <subfield code="b">2023-01-26 11:45:39 Europe/Berlin</subfield>
  </datafield>
</record>
